<record><leader>00000cas a22000007a 4500</leader><controlfield tag="001">11392121</controlfield><controlfield tag="008">841116d18771880wiuwr ne      0    0eng d</controlfield><datafield ind1=" " ind2=" " tag="010"><subfield code="a">sn 84024911 </subfield></datafield><datafield ind1=" " ind2=" " tag="040"><subfield code="a">NPV</subfield><subfield code="b">eng</subfield><subfield code="c">NPV</subfield><subfield code="d">OCLCQ</subfield></datafield><datafield ind1=" " ind2=" " tag="042"><subfield code="a">msc</subfield></datafield><datafield ind1=" " ind2=" " tag="043"><subfield code="a">n-us-wi</subfield></datafield><datafield ind1=" " ind2=" " tag="045"><subfield code="a">w7w8</subfield></datafield><datafield ind1=" " ind2=" " tag="052"><subfield code="a">4123</subfield><subfield code="b">O8</subfield></datafield><datafield ind1=" " ind2=" " tag="052"><subfield code="a">4123</subfield><subfield code="b">F6</subfield></datafield><datafield ind1="0" ind2=" " tag="130"><subfield code="a">People's champion (Fond du Lac, Wis. : 1877)</subfield></datafield><datafield ind1="1" ind2="4" tag="245"><subfield code="a">The people's champion.</subfield></datafield><datafield ind1=" " ind2=" " tag="260"><subfield code="a">Fond du Lac, Wis. :</subfield><subfield code="b">People's Print. and Pub. Co.,</subfield><subfield code="c">-1880.</subfield></datafield><datafield ind1=" " ind2=" " tag="300"><subfield code="a">v.</subfield></datafield><datafield ind1=" " ind2=" " tag="310"><subfield code="a">Weekly</subfield></datafield><datafield ind1="0" ind2=" " tag="362"><subfield code="a">-v. 3, no. 29 (July 24, 1880).</subfield></datafield><datafield ind1="1" ind2=" " tag="362"><subfield code="a">Began with Sept. 12, 1877 issue.</subfield><subfield code="z">Cf. Oehlerts, d. Guide to Wis. newspapers.</subfield></datafield><datafield ind1=" " ind2=" " tag="500"><subfield code="a">Published in Appleton, Wis., Oct. 29, 1879-July 24, 1880.</subfield></datafield><datafield ind1=" " ind2=" " tag="500"><subfield code="a">Greenback.</subfield></datafield><datafield ind1=" " ind2=" " tag="530"><subfield code="a">Available on microfilm from the State Historical Society of Wisconsin.</subfield></datafield><datafield ind1=" " ind2=" " tag="588"><subfield code="a">Description based on: Vol. 1, no. 11 (Dec. 5, 1877).</subfield></datafield><datafield ind1=" " ind2=" " tag="752"><subfield code="a">United States</subfield><subfield code="b">Wisconsin</subfield><subfield code="c">Fond du Lac</subfield><subfield code="d">Fond du Lac.</subfield></datafield><datafield ind1=" " ind2=" " tag="752"><subfield code="a">United States</subfield><subfield code="b">Wisconsin</subfield><subfield code="c">Outagamie</subfield><subfield code="d">Appleton.</subfield></datafield></record>